@incollection{wikforss,
  location = {Oslo},
  author = {Åsa Wikforss},
  booksubtitle = {Exphil: lærebok med originaltekster},
  booktitle = {Vite, være, gjøre},
  chapter = {4},
  edition = {1. utgave, 3. opplag},
  editor = {Herman Cappelen and Ingvild Torsen and Sebastian Watzl},
  institution = {Institutt for filosofi, idé- og kunsthistorie og klassiske språk, Universitetet i Oslo},
  isbn = {9788205529793},
  language = {Norsk},
  langid = {norsk},
  origdate = {2017},
  origlanguage = {svensk},
  origlocation = {Stockholm},
  origpublisher = {Fri Tanke Förlag},
  origtitle = {Alternativa fakta. Om kunskapen och dess fiender},
  pages = {79-99},
  pagetotal = {20},
  publisher = {Gyldendal},
  title = {Kunnskapsresistens},
  translator = {Einar Blomgren},
  date = {2021},
}

@incollection{kant,
  location = {Oslo},
  author = {Immanuel Kant},
  booksubtitle = {Exphil: lærebok med originaltekster},
  booktitle = {Vite, være, gjøre},
  chapter = {4},
  edition = {1. utgave, 3. opplag},
  editor = {Herman Cappelen and Ingvild Torsen and Sebastian Watzl},
  institution = {Institutt for filosofi, idé- og kunsthistorie og klassiske språk, Universitetet i Oslo},
  isbn = {9788205529793},
  language = {Norsk},
  langid = {norsk},
  origdate = {1983},
  origlanguage = {tysk},
  origlocation = {Oslo},
  origpublisher = {Universitetsforlaget},
  origtitle = {Moral, politikk og historie: et utvalg fra Kants praktiske filosofi},
  publisher = {Gyldendal},
  title = {Grunnlegging av moralens metafysikk},
  translator = {Elling Schwabe-Hansen},
  date = {2021},
}

@book{street,
   pages = {685-693},
   chapter = {14},
   author = {Sharon Street},
   title =     {The Norton Introduction to Philosophy},
   editor =    {Gideon Rosen and Alex Byrne and Joshua Cohen and Seana Valentine Shiffrin},
   publisher = {W. W. Norton \& Company},
   isbn =      {9780393932201},
   year =      {2015},
   language = {Engelsk},
   langid = {english},
}

@book{dawkins,
   title =     {The Selfish Gene: 40th Anniversary Edition},
   author =    {Richard Dawkins},
   publisher = {Oxford University Press},
   isbn =      {9780198788607},
   year =      {2016},
   series =    {Oxford Landmark Science},
   edition =   {4},
}

@InCollection{sep-pragmatism,
	author       =	{Legg, Catherine and Hookway, Christopher},
	title        =	{{Pragmatism}},
	booktitle    =	{The {Stanford} Encyclopedia of Philosophy},
	editor       =	{Edward N. Zalta},
	howpublished =	{\url{https://plato.stanford.edu/archives/sum2021/entries/pragmatism/}},
	year         =	{2021},
	edition      =	{{S}ummer 2021},
	publisher    =	{Metaphysics Research Lab, Stanford University}
}

@InCollection{sep-knowledge-analysis,
	author       =	{Ichikawa, Jonathan Jenkins and Steup, Matthias},
	title        =	{{The Analysis of Knowledge}},
	booktitle    =	{The {Stanford} Encyclopedia of Philosophy},
	editor       =	{Edward N. Zalta},
	howpublished =	{\url{https://plato.stanford.edu/archives/sum2018/entries/knowledge-analysis/}},
	year         =	{2018},
	edition      =	{{S}ummer 2018},
	publisher    =	{Metaphysics Research Lab, Stanford University}
}

@InCollection{sep-consciousness,
	author       =	{Van Gulick, Robert},
	title        =	{{Consciousness}},
	booktitle    =	{The {Stanford} Encyclopedia of Philosophy},
	editor       =	{Edward N. Zalta},
	howpublished =	{\url{https://plato.stanford.edu/archives/win2021/entries/consciousness/}},
	year         =	{2021},
	edition      =	{{W}inter 2021},
	publisher    =	{Metaphysics Research Lab, Stanford University}
}

@misc{wiki-belief,
    author = "{Wikipedia contributors}",
    title = "Belief --- {Wikipedia}{,} The Free Encyclopedia",
    year = "2022",
    howpublished = "\url{https://en.wikipedia.org/w/index.php?title=Belief&oldid=1070429917}",
    note = "[Online; accessed 8-February-2022]"
  }
