@incollection{wikforss,
  location = {Oslo},
  author = {Åsa Wikforss},
  booksubtitle = {Exphil: lærebok med originaltekster},
  booktitle = {Vite, være, gjøre},
  chapter = {4},
  edition = {1. utgave, 3. opplag},
  editor = {Herman Cappelen and Ingvild Torsen and Sebastian Watzl},
  institution = {Institutt for filosofi, idé- og kunsthistorie og klassiske språk, Universitetet i Oslo},
  isbn = {9788205529793},
  language = {Norsk},
  langid = {norsk},
  origdate = {2017},
  origlanguage = {svensk},
  origlocation = {Stockholm},
  origpublisher = {Fri Tanke Förlag},
  origtitle = {Alternativa fakta. Om kunskapen och dess fiender},
  pages = {79-99},
  pagetotal = {20},
  publisher = {Gyldendal},
  title = {Kunnskapsresistens},
  translator = {Einar Blomgren},
  date = {2021},
}

@InCollection{sep-pragmatism,
	author       =	{Legg, Catherine and Hookway, Christopher},
	title        =	{{Pragmatism}},
	booktitle    =	{The {Stanford} Encyclopedia of Philosophy},
	editor       =	{Edward N. Zalta},
	howpublished =	{\url{https://plato.stanford.edu/archives/sum2021/entries/pragmatism/}},
	year         =	{2021},
	edition      =	{{S}ummer 2021},
	publisher    =	{Metaphysics Research Lab, Stanford University}
}

@InCollection{sep-knowledge-analysis,
	author       =	{Ichikawa, Jonathan Jenkins and Steup, Matthias},
	title        =	{{The Analysis of Knowledge}},
	booktitle    =	{The {Stanford} Encyclopedia of Philosophy},
	editor       =	{Edward N. Zalta},
	howpublished =	{\url{https://plato.stanford.edu/archives/sum2018/entries/knowledge-analysis/}},
	year         =	{2018},
	edition      =	{{S}ummer 2018},
	publisher    =	{Metaphysics Research Lab, Stanford University}
}

@misc{wiki-belief,
    author = "{Wikipedia contributors}",
    title = "Belief --- {Wikipedia}{,} The Free Encyclopedia",
    year = "2022",
    howpublished = "\url{https://en.wikipedia.org/w/index.php?title=Belief&oldid=1070429917}",
    note = "[Online; accessed 8-February-2022]"
  }
